<?xml version="1.0" encoding="UTF-8"?>
<record xmlns="http://www.loc.gov/MARC21/slim">
   <leader>01298cam a2200241 a 4500</leader>
   <controlfield tag="001">1393674</controlfield>
   <controlfield tag="003">NjP</controlfield>
   <controlfield tag="005">20180122141424.0</controlfield>
   <controlfield tag="008">980219s1900    tu            000 0 ara d</controlfield>
   <datafield tag="024" ind1="7" ind2=" ">
      <subfield code="a">princeton_aco004610</subfield>
      <subfield code="2">local</subfield>
   </datafield>
   <datafield ind1=" " ind2=" " tag="035">
      <subfield code="a">(OCoLC)39830737</subfield>
   </datafield>
   <datafield ind1=" " ind2=" " tag="035">
      <subfield code="a">(CStRLIN)NJPG98-B11180</subfield>
   </datafield>
   <datafield ind1=" " ind2=" " tag="035">
      <subfield code="9">CED7737TS</subfield>
   </datafield>
   <datafield ind1=" " ind2=" " tag="040">
      <subfield code="a">NjP</subfield>
      <subfield code="c">NjP</subfield>
   </datafield>
   <datafield ind1="1" ind2=" " tag="100">
      <subfield code="a">Qarṣī, Dāwūd ibn Muḥammad,</subfield>
      <subfield code="d">d. 1747 or 8.</subfield>
      <subfield code="0">http://id.loc.gov/authorities/names/nr91023659</subfield>
   </datafield>
   <datafield ind1="1" ind2="0" tag="245">
      <subfield code="a">Sharḥ al-ʻallāmah al-fāḍil wa-al-fahhāmah al-wāṣil al-Shaykh Dāwūd ibn Muḥammad al-Qarṣī al-Ḥanafī al-Mutawaffá sanat 1169 lil-Qaṣīdah al-nūnīyah al-tawḥīdīyah li-nāẓimihā al-Mawlá Khaḍir Bik.</subfield>
   </datafield>
   <datafield ind1=" " ind2=" " tag="260">
      <subfield code="a">[Istanbul?] :</subfield>
      <subfield code="b">Muḥammad Ṭālib ibn Ḥusayn,</subfield>
      <subfield code="c">1318 [1900 or 1901]</subfield>
   </datafield>
   <datafield ind1=" " ind2=" " tag="300">
      <subfield code="a">8, 131 p. ;</subfield>
      <subfield code="c">25 cm.</subfield>
   </datafield>
   <datafield ind1=" " ind2="0" tag="650">
      <subfield code="a">Islam</subfield>
      <subfield code="x">Doctrines</subfield>
      <subfield code="x">Early works to 1800.</subfield>
      <subfield code="0">http://id.loc.gov/authorities/subjects/sh87000152</subfield>
   </datafield>
   <datafield ind1="1" ind2="0" tag="600">
      <subfield code="a">Rūmī, Khaḍir ibn Jalāl al-Dīn,</subfield>
      <subfield code="d">1407 or 8-ca. 1456.</subfield>
      <subfield code="t">Qaṣīdah al-nūnīyah.</subfield>
   </datafield>
   <datafield ind1="1" ind2="2" tag="700">
      <subfield code="a">Khayālī, Aḥmad ibn Mūsá,</subfield>
      <subfield code="d">-1457?.</subfield>
      <subfield code="t">Sharḥ Qaṣīdah al-nūnīyah.</subfield>
      <subfield code="0">http://id.loc.gov/authorities/names/n85235149</subfield>
   </datafield>
   <datafield ind1="4" ind2=" " tag="856">
      <subfield code="u">http://hdl.handle.net/2027/njp.32101077795811</subfield>
   </datafield>
   <datafield ind1=" " ind2=" " tag="998">
      <subfield code="a">02/19/98</subfield>
      <subfield code="s">9114</subfield>
      <subfield code="n">NjP</subfield>
      <subfield code="d">02/19/98</subfield>
      <subfield code="c">KC</subfield>
      <subfield code="b">KC</subfield>
      <subfield code="i">980219</subfield>
      <subfield code="l">NJPG</subfield>
   </datafield>
   <datafield ind1=" " ind2=" " tag="911">
      <subfield code="a">19980226</subfield>
   </datafield>
   <datafield ind1=" " ind2=" " tag="912">
      <subfield code="a">19980219000000.0</subfield>
   </datafield>
   <datafield ind1="8" ind2="0" tag="852">
      <subfield code="0">1599768</subfield>
      <subfield code="b">rcppa</subfield>
      <subfield code="t">1</subfield>
      <subfield code="h">2271.50925.868 1900</subfield>
      <subfield code="x">tr fr f</subfield>
   </datafield>
   <datafield ind1="8" ind2=" " tag="852">
      <subfield code="0">8693618</subfield>
      <subfield code="b">elf1</subfield>
      <subfield code="h">Electronic Resource</subfield>
   </datafield>
   <datafield ind1=" " ind2=" " tag="959">
      <subfield code="a">2000-06-08 00:00:00 -0500</subfield>
   </datafield>
</record>
